@article{MS-gate,
	title={Entanglement and quantum computation with ions in thermal motion},
	author={Sørensen, Anders and Mølmer, Klaus},
	year={2000}
}

@article{SC2,
	title={Strong-coupling quantum logic of trapped ions},
	author={Sameti, Mahdi and Lishman, Jake and Mintert, Florian},
	year={2021}
}

@article{Cardioid,
	title={Robust Entanglement Gates for Trapped-Ion Qubits},
	author={Shapira, Yotam and Shaniv, Ravid and Manovitz, Tom and Akerman, Nitzan and Ozeri, Roee},
	year={2018}
}

@article{DD,
	year = {2016},
	author = {T.{\hspace{0.167em}
	}P. Harty and M.{\hspace{0.167em}}A. Sepiol and D.{\hspace{0.167em}}T.{\hspace{0.167em}}C. Allcock and C.{\hspace{0.167em}}J. Ballance and J.{\hspace{0.167em}}E. Tarlton and D.{\hspace{0.167em}}M. Lucas},
	title = {High-Fidelity Trapped-Ion Quantum Logic Using Near-Field Microwaves}
}

@article{Single_trapped_ions,
	author = {Leibfried, D and Blatt, R and Monroe, C and Wineland, D},
	title = {Quantum dynamics of single trapped ions},
	year = {2003}
}